<record><leader>00000cas a22000007a 4500</leader><controlfield tag="001">9990256</controlfield><controlfield tag="008">831007d185918uulauwr ne      0    0eng d</controlfield><datafield ind1=" " ind2=" " tag="010"><subfield code="a">sn 83026396 </subfield></datafield><datafield ind1=" " ind2=" " tag="040"><subfield code="a">NPV</subfield><subfield code="b">eng</subfield><subfield code="c">NPV</subfield><subfield code="d">NPX</subfield><subfield code="d">LNP</subfield><subfield code="d">OCLCQ</subfield><subfield code="d">YUS</subfield><subfield code="d">OCLCO</subfield><subfield code="d">OCLCF</subfield><subfield code="d">OCLCQ</subfield></datafield><datafield ind1="0" ind2=" " tag="041"><subfield code="a">eng</subfield><subfield code="a">fre</subfield></datafield><datafield ind1=" " ind2=" " tag="042"><subfield code="a">msc</subfield></datafield><datafield ind1=" " ind2=" " tag="043"><subfield code="a">n-us-la</subfield></datafield><datafield ind1=" " ind2=" " tag="045"><subfield code="a">w5w-</subfield></datafield><datafield ind1=" " ind2=" " tag="052"><subfield code="a">4013</subfield><subfield code="b">A8</subfield></datafield><datafield ind1="0" ind2=" " tag="130"><subfield code="a">Pelican (Marksville, La.)</subfield></datafield><datafield ind1="1" ind2="4" tag="245"><subfield code="a">The Pelican.</subfield></datafield><datafield ind1=" " ind2=" " tag="260"><subfield code="a">Marksville [La.] :</subfield><subfield code="b">A. Lafargue</subfield></datafield><datafield ind1=" " ind2=" " tag="300"><subfield code="a">volumes ;</subfield><subfield code="c">49 cm</subfield></datafield><datafield ind1=" " ind2=" " tag="310"><subfield code="a">Weekly</subfield></datafield><datafield ind1=" " ind2=" " tag="336"><subfield code="a">text</subfield><subfield code="b">txt</subfield><subfield code="2">rdacontent</subfield></datafield><datafield ind1=" " ind2=" " tag="337"><subfield code="a">unmediated</subfield><subfield code="b">n</subfield><subfield code="2">rdamedia</subfield></datafield><datafield ind1=" " ind2=" " tag="338"><subfield code="a">volume</subfield><subfield code="b">nc</subfield><subfield code="2">rdacarrier</subfield></datafield><datafield ind1="1" ind2=" " tag="362"><subfield code="a">Began in 1859.</subfield><subfield code="z">Cf. Tinker, E.L. Bibl. of French newspapers and periodicals in La.</subfield></datafield><datafield ind1=" " ind2=" " tag="500"><subfield code="a">Mar. 21, 1863 issue printed on wallpaper.</subfield></datafield><datafield ind1=" " ind2=" " tag="546"><subfield code="a">In English and French.</subfield></datafield><datafield ind1=" " ind2=" " tag="580"><subfield code="a">Continues: Champion (Marksville, La.) (non-extant?). Cf. Tinker, E.L. Bibl. of French newspapers and periodicals in La.</subfield></datafield><datafield ind1=" " ind2=" " tag="588"><subfield code="a">Description based on: Vol. 23, no. 41 (Feb. 21, 1863).</subfield></datafield><datafield ind1=" " ind2="0" tag="651"><subfield code="a">Marksville (La.)</subfield><subfield code="v">Newspapers.</subfield></datafield><datafield ind1=" " ind2="7" tag="651"><subfield code="a">Louisiana</subfield><subfield code="z">Marksville.</subfield><subfield code="2">fast</subfield><subfield code="0">(OCoLC)fst01218260</subfield></datafield><datafield ind1=" " ind2="7" tag="655"><subfield code="a">Newspapers.</subfield><subfield code="2">fast</subfield><subfield code="0">(OCoLC)fst01423814</subfield></datafield><datafield ind1=" " ind2=" " tag="752"><subfield code="a">United States</subfield><subfield code="b">Louisiana</subfield><subfield code="c">Avoyelles</subfield><subfield code="d">Marksville.</subfield></datafield><datafield ind1="1" ind2="0" tag="780"><subfield code="t">Champion (Marksville, La.)</subfield></datafield><datafield ind1="1" ind2=" " tag="029"><subfield code="a">AU@</subfield><subfield code="b">000025819431</subfield></datafield></record>